@article{AEG,
    author = {Avgerinos, Thanassis and Cha, Sang Kil and Rebert, Alexandre and
              Schwartz, Edward J. and Woo, Maverick and Brumley, David},
    title = {Automatic Exploit Generation},
    journal = {Commun. ACM},
    issue_date = {February 2014},
    volume = {57},
    number = {2},
    month = feb,
    year = {2014},
    issn = {0001-0782},
    pages = {74--84},
    numpages = {11},
    url = {http://doi.acm.org/10.1145/2560217.2560219},
    doi = {10.1145/2560217.2560219},
    acmid = {2560219},
    publisher = {ACM},
    address = {New York, NY, USA},
}

@INPROCEEDINGS{APEG,
    author={D. Brumley and P. Poosankam and D. Song and J. Zheng},
    booktitle={2008 IEEE Symposium on Security and Privacy (sp 2008)},
    title={Automatic Patch-Based Exploit Generation is Possible: Techniques and
           Implications},
    year={2008},
    pages={143-157},
    doi={10.1109/SP.2008.17},
    ISSN={1081-6011},
    month={May}
}

@INPROCEEDINGS{CRAX,
    author={S. K. Huang and M. H. Huang and P. Y. Huang and C. W. Lai and
            H. L. Lu and W. M. Leong},
    booktitle={2012 IEEE Sixth International Conference on Software Security and
               Reliability},
    title={CRAX: Software Crash Analysis for Automatic Exploit Generation by
           Modeling Attacks as Symbolic Continuations},
    year={2012},
    pages={78-87},
    doi={10.1109/SERE.2012.20},
    month={June}
}

@online{CGC,
    author={DARPA},
    title={Cyber Grand Challenge},
    year={2016},
    url={http://archive.darpa.mil/cybergrandchallenge/},
    urldate={2017-05-28}
}

@online{CGS,
    author={zardus, mike_pizza, anton00b, salls, fish, nebhiros, cao, donfos,
            hacopo, nezorg, rhelmot, paul, zanardi},
    title={Cyber Grand Shellphish},
    year={2017},
    url={http://phrack.org/papers/cyber_grand_shellphish.html},
    urldate={2017-05-28}
}

@inproceedings{Stephens2016DrillerAF,
    title={Driller: Augmenting Fuzzing Through Selective Symbolic Execution},
    author={Nick Stephens and John Grosen and Christopher Salls and Andrew Dutcher
            and Ruoyu Wang and Jacopo Corbetta and Yan Shoshitaishvili and
            Christopher Kr\"{u}gel and Giovanni Vigna},
    booktitle={NDSS},
    year={2016}
}
